@article{jorel2012,
  author      = {Jor-El and Fulane de Tal and Zor-El},
  title       = {Kryptonian Parakeets: An Overview},
  journal     = {Journal of Exozoology},
  year        = {2012},
  volume      = {1},
  number      = {1},
  pages       = {112-130},
  publisher   = {Metropolis Publishing},
}
